<?xml version="1.0" encoding="UTF-8"?><record xmlns="http://www.loc.gov/MARC21/slim" xmlns:cinclude="http://apache.org/cocoon/include/1.0" xmlns:zs="http://www.loc.gov/zing/srw/">
  <leader>00411nz  a2200145n  4500</leader>
  <controlfield tag="001">nb2005005970</controlfield>
  <controlfield tag="003">DLC</controlfield>
  <controlfield tag="005">20050521063130.0</controlfield>
  <controlfield tag="008">050520n| acannaabn          |a aaa      </controlfield>
  <datafield tag="010" ind1=" " ind2=" ">
    <subfield code="a">nb2005005970</subfield>
  </datafield>
  <datafield tag="035" ind1=" " ind2=" ">
    <subfield code="a">(Uk)006189351</subfield>
  </datafield>
  <datafield tag="040" ind1=" " ind2=" ">
    <subfield code="a">Uk</subfield>
    <subfield code="b">eng</subfield>
    <subfield code="c">Uk</subfield>
  </datafield>
  <datafield tag="100" ind1="1" ind2=" ">
    <subfield code="a">Burley, Martin</subfield>
  </datafield>
  <datafield tag="400" ind1="1" ind2=" ">
    <subfield code="a">Burley, M.</subfield>
    <subfield code="q">(Martin)</subfield>
  </datafield>
  <datafield tag="670" ind1=" " ind2=" ">
    <subfield code="a">How to grow fuchsia standards, c2004:</subfield>
    <subfield code="b">t.p. (Martin Burley) letter from author (M. Burley)</subfield>
  </datafield>
</record>